
%% This BibTeX bibliography file was created using BibDesk.
%% http://bibdesk.sourceforge.net/


%% Created for Galyardt at 2014-08-21 22:49:39 -0400 


%% Saved with string encoding Unicode (UTF-8) 

@article{athey2021policy,
  title={Policy learning with observational data},
  author={Athey, Susan and Wager, Stefan},
  journal={Econometrica},
  volume={89},
  number={1},
  pages={133--161},
  year={2021},
  publisher={Wiley Online Library}
}

@article{sant2020doubly,
  title={Doubly robust difference-in-differences estimators},
  author={Sant’Anna, Pedro HC and Zhao, Jun},
  journal={Journal of Econometrics},
  volume={219},
  number={1},
  pages={101--122},
  year={2020},
  publisher={Elsevier}
}

@article{zimmert2018efficient,
  title={Efficient difference-in-differences estimation with high-dimensional common trend confounding},
  author={Zimmert, Michael},
  journal={arXiv preprint arXiv:1809.01643},
  year={2018}
}

@article{chang2020double,
  title={Double/debiased machine learning for difference-in-differences models},
  author={Chang, Neng-Chieh},
  journal={The Econometrics Journal},
  volume={23},
  number={2},
  pages={177--191},
  year={2020},
  publisher={Oxford University Press}
}

@article{chiang2022multiway,
  title={Multiway cluster robust double/debiased machine learning},
  author={Chiang, Harold D and Kato, Kengo and Ma, Yukun and Sasaki, Yuya},
  journal={Journal of Business \& Economic Statistics},
  volume={40},
  number={3},
  pages={1046--1056},
  year={2022},
  publisher={Taylor \& Francis}
}

@article{kallus2019localized,
  title={Localized debiased machine learning: Efficient inference on quantile treatment effects and beyond},
  author={Kallus, Nathan and Mao, Xiaojie and Uehara, Masatoshi},
  journal={arXiv preprint arXiv:1912.12945},
  year={2019}
}

@article{semenova2021debiased,
  title={Debiased machine learning of conditional average treatment effects and other causal functions},
  author={Semenova, Vira and Chernozhukov, Victor},
  journal={The Econometrics Journal},
  volume={24},
  number={2},
  pages={264--289},
  year={2021},
  publisher={Oxford University Press}
}


@article{dml2018,
  author  = {Chernozhukov, Victor and Chetverikov, Denis and Demirer, Mert and Duflo, Esther and Hansen, Christian and Newey, Whitney and Robins, James},
  title   = {Double/debiased machine learning for treatment and structural parameters},
  journal = {The Econometrics Journal},
  year    = {2018},
  volume  = {21},
  number  = {1},
  pages   = {C1-C68},
  url     = {https://onlinelibrary.wiley.com/doi/abs/10.1111/ectj.12097},
}

@Article{mlr3,
  title = {{mlr3}: A modern object-oriented machine learning framework in {R}},
  author = {Michel Lang and Martin Binder and Jakob Richter and Patrick Schratz and Florian Pfisterer and Stefan Coors and Quay Au and Giuseppe Casalicchio and Lars Kotthoff and Bernd Bischl},
  journal = {Journal of Open Source Software},
  year = {2019},
  url = {https://joss.theoj.org/papers/10.21105/joss.01903},
}

 @Manual{mlr3learners,
    title = {mlr3learners: Recommended learners for 'mlr3'},
    author = {Michel Lang and Quay Au and Stefan Coors and Patrick Schratz},
    year = {2020},
    note = {R package version 0.4.3},
    url = {https://CRAN.R-project.org/package=mlr3learners},
  }
 
 @Manual{mlr3extralearners,
    title = {mlr3extralearners: Extra learners For mlr3},
    author = {Raphael Sonabend and Patrick Schratz},
    year = {2020},
    note = {R package version 0.3.0.9000},
  }
  
@Manual{mlr3tuning,
    title = {mlr3tuning: Tuning for 'mlr3'},
    author = {Marc Becker and Michel Lang and Jakob Richter and Bernd Bischl and Daniel Schalk},
    year = {2020},
    note = {R package version 0.7.0},
    url = {https://CRAN.R-project.org/package=mlr3tuning},
  }
  
 @Manual{paradox,
    title = {paradox: Define and work with parameter spaces for complex algorithms},
    author = {Michel Lang and Bernd Bischl and Jakob Richter and Xudong Sun and Martin Binder},
    year = {2020},
    note = {R package version 0.7.1},
    url = {https://CRAN.R-project.org/package=paradox},
  }
  

@misc{mlr3book,
  title = {mlr3 book},
  author = {Marc Becker and Martin Binder and Bernd Bischl and Michel Lang and Florian Pfisterer and Nicholas G. Reich and Jakob Richter and Patrick Schratz and Raphael Sonabend},
  url = {https://mlr3book.mlr-org.com},
  year = {2021},
  month = {03},
  day = {04},
}
  
@Manual{R6,
    title = {R6: Encapsulated classes with reference semantics},
    author = {Winston Chang},
    year = {2020},
    note = {R package version 2.5.0},
    url = {https://CRAN.R-project.org/package=R6},
  }
 
@Manual{grf,
    title = {grf: Generalized random forests},
    author = {Julie Tibshirani and Susan Athey and Stefan Wager},
    year = {2020},
    note = {R package version 1.2.0},
    url = {https://CRAN.R-project.org/package=grf},
  }
  
  
@article{grfpaper,
  title={Generalized random forests},
  author={Athey, Susan and Tibshirani, Julie and Wager, Stefan},
  journal={The Annals of Statistics},
  volume={47},
  number={2},
  pages={1148--1178},
  year={2019},
  publisher={Institute of Mathematical Statistics}, 
  url = {https://cran.r-project.org/package=grf},
}


@Article{hdm,
  author  = {Victor Chernozhukov and Chris Hansen and Martin Spindler},
  title   = {{hdm: High-Dimensional Metrics}},
  journal = {{The R Journal}},
  year    = {2016},
  volume  = {8},
  number  = {2},
  pages   = {185--199},
  url     = {https://CRAN.R-project.org/package=hdm},
}

 @Article{hdi,
    title = {High-dimensional inference: Confidence intervals, p-values
      and {R}-Software {hdi}},
    author = {Ruben Dezeure and Peter B\"uhlmann and Lukas Meier and
      Nicolai Meinshausen},
    journal = {Statistical Science},
    year = {2015},
    volume = {30},
    number = {4},
    pages = {533--558},
  }
  
  
@Misc{postDoubleR,
 title = {{postDoubleR}: Post double selection with double machine learning}, 
 author = {Juraj Szitas}, 
 year = {2019}, 
 url = {https://CRAN.R-project.org/package=postDoubleR },
}

 @Manual{causalweight,
    title = {causalweight: Estimation Methods for Causal Inference Based on Inverse
Probability Weighting},
    author = {Hugo Bodory and Martin Huber},
    year = {2020},
    note = {R package version 1.0.0},
    url = {https://CRAN.R-project.org/package=causalweight},
  }
  
@article{knaus2018,
  title={A double machine learning approach to estimate the effects of musical practice on student’s skills},
  author={Knaus, Michael C},
  journal={Journal of the Royal Statistical Society: Series A (Statistics in Society)},
  volume={184},
  number={1},
  pages={282--300},
  year={2021},
  url = {https://github.com/MCKnaus/dmlmt},
}

@article{knaus2020,
  title={Double machine learning based program evaluation under unconfoundedness},
  author={Knaus, Michael C},
  journal={arXiv preprint arXiv:2003.03191},
  year={2020}, 
  url = {https://github.com/MCKnaus/causalDML},
}

@article{bach2022doubleml,
  title={DoubleML-An Object-Oriented Implementation of Double Machine Learning in Python.},
  author={Philipp Bach and Victor Chernozhukov and Malte S Kurz and Martin Spindler},
  journal={Journal of Machine Learning Research},
  volume={23},
  pages={53--1},
  year={2022}
}

@misc{DoubleMLR,
  title={{DoubleML} -- {A}n Object-Oriented Implementation of Double Machine Learning in {R}},
  author={Philipp Bach and Victor Chernozhukov and Malte S Kurz and Martin Spindler and Sven Klaassen},
  year={2021},
  eprint={2103.09603},
  archivePrefix={arXiv},
  primaryClass={stat.ML},
  note={arXiv:\href{https://arxiv.org/abs/2103.09603}{2103.09603} [stat.ML]}
}

@article{pedregosa2011,
  author  = {Fabian Pedregosa and Ga{{\"e}}l Varoquaux and Alexandre Gramfort and Vincent Michel and Bertrand Thirion and Olivier Grisel and Mathieu Blondel and Peter Prettenhofer and Ron Weiss and Vincent Dubourg and Jake Vanderplas and Alexandre Passos and David Cournapeau and Matthieu Brucher and Matthieu Perrot and {{\'E}}douard Duchesnay},
  title   = {Scikit-learn: Machine learning in python},
  journal = {Journal of Machine Learning Research},
  year    = {2011},
  volume  = {12},
  number  = {85},
  pages   = {2825-2830},
  url     = {http://jmlr.org/papers/v12/pedregosa11a.html}
}


@misc{econml,
  author={{Microsoft Research}},
  title={{EconML}: {A Python package for ML-based heterogeneous treatment effects estimation}},
  howpublished={https://github.com/microsoft/EconML},
  note={Version 0.x},
  year={2019}
}

@article{robinson1988,
  title={Root-N-consistent semiparametric regression},
  author={Robinson, Peter M},
  journal={Econometrica},
  number = {4},
  volume = {56},
  pages={931--954},
  year={1988},
  publisher={JSTOR}
}

@book{wright1928,
  title={Tariff on animal and vegetable oils},
  author={Wright, Philip G},
  year={1928},
  publisher={Macmillan Company, New York}
}

@article{permutt1989,
  title={Simultaneous-equation estimation in a clinical trial of the effect of smoking on birth weight},
  author={Permutt, Thomas and Hebel, J Richard},
  journal={Biometrics},
  pages={619--622},
  year={1989},
   volume = {45},
  publisher={JSTOR}
}
  
@article{LATE,
 URL = {http://www.jstor.org/stable/2951620},
 author = {Guido W. Imbens and Joshua D. Angrist},
 journal = {Econometrica},
 number = {2},
 pages = {467--475},
 publisher = {[Wiley, Econometric Society]},
 title = {Identification and estimation of local average treatment effects},
 volume = {62},
 year = {1994}
}

@article{robins1995,
  title={Semiparametric efficiency in multivariate regression models with missing data},
  author={Robins, James M and Rotnitzky, Andrea},
  journal={Journal of the American Statistical Association},
  volume={90},
  number={429},
  pages={122--129},
  year={1995},
  publisher={Taylor \& Francis}
}

@incollection{neyman, 
  title={Optimal asymptotic tests of composite hypotheses},
  author={Neyman, Jerzy},
  booktitle = {Probability and Statistics},
  editor = {Grenander, Ulf},
  pages={213--234},
  year={1959},
  publisher={Almqvist \& Wiksell}
  }
  
@incollection{belloni2011,
  title={Inference for high-dimensional sparse econometric models},
  booktitle = {Advances in Economics and Econometrics. 10th World Congress of Econometric Society. August 2010.},
  author={Belloni, Alexandre and Chernozhukov, Victor and Hansen, Christian},
  journal={arXiv preprint arXiv:1201.0220},
  year={2011},  
  pages={III:245-295},
}

@article{belloni2014pivotal,
  title={Pivotal estimation via square-root lasso in nonparametric regression},
  author={Belloni, Alexandre and Chernozhukov, Victor and Wang, Lie},
  journal={The Annals of Statistics},
  volume={42},
  number={2},
  pages={757--788},
  year={2014},
  publisher={Institute of Mathematical Statistics}
}


@article{javanmard2014hypothesis,
  title={Hypothesis testing in high-dimensional regression under the gaussian random design model: Asymptotic theory},
  author={Javanmard, Adel and Montanari, Andrea},
  journal={IEEE Transactions on Information Theory},
  volume={60},
  number={10},
  pages={6522--6554},
  year={2014},
  publisher={IEEE}
}

@article{van2014asymptotically,
  author    = {{van de Geer}, Sara and Bühlmann, Peter and Ritov, Ya’acov and Dezeure, Ruben},
  title     = {On asymptotically optimal confidence regions and tests for high-dimensional models},
  journal   = {Annals of Statistics},
  year      = {2014},
  volume    = {42},
  number    = {3},
  pages     = {1166--1202},
  month     = {06},
  doi       = {10.1214/14-AOS1221},
  fjournal  = {The Annals of Statistics},
  publisher = {The Institute of Mathematical Statistics},
  url       = {https://doi.org/10.1214/14-AOS1221},
}


@article{zhang2014,
  author   = {Zhang, Cun-Hui and Zhang, Stephanie S.},
  title    = {Confidence intervals for low dimensional parameters in high dimensional linear models},
  journal  = {Journal of the Royal Statistical Society: Series B (Statistical Methodology)},
  year     = {2014},
  volume   = {76},
  number   = {1},
  pages    = {217-242},
  doi      = {10.1111/rssb.12026},
  keywords = {Confidence interval, High dimension, Linear regression model, p-value, Statistical inference},
  url      = {https://rss.onlinelibrary.wiley.com/doi/abs/10.1111/rssb.12026},
}


@article{chernozhukov2015valid,
  author  = {Chernozhukov, Victor and Hansen, Christian and Spindler, Martin},
  title   = {Valid post-selection and post-regularization inference: An elementary, general approach},
  journal = {Annual Review of Economics},
  year    = {2015},
  volume  = {7},
  number  = {1},
  pages   = {649-688},
  url     = {https://doi.org/10.1146/annurev-economics-012315-015826},
}


@book{bickel1993efficient,
  title={Efficient and adaptive estimation for semiparametric models},
  author={Bickel, Peter J and Klaassen, Chris AJ and Ritov, Ya’acov and Wellner, Jon A},
  volume={4},
  year={1993},
  publisher={Johns Hopkins University Press Baltimore}
}

@article{newey1994asymptotic,
  title={The asymptotic variance of semiparametric estimators},
  author={Newey, Whitney},
  journal = {Econometrica},
  number = {6},
  pages = {1349--1382},
  publisher = {[Wiley, Econometric Society]},
  volume = {62},
  year = {1994}
}

@book{van2000asymptotic,
  title={Asymptotic statistics},
  author={{Van der Vaart}, Aad W},
  volume={3},
  year={2000},
  publisher={Cambridge university press}
}

@book{van2011targeted,
  title={Targeted learning: causal inference for observational and experimental data},
  author={{Van der Laan}, Mark J and Rose, Sherri},
  year={2011},
  publisher={Springer Science \& Business Media}
}

@article{schick1986,
  title={On asymptotically efficient estimation in semiparametric models},
  author={Schick, Anton},
  journal = {The Annals of Statistics},
  number = {3},
  pages = {1139--1151},
  publisher = {Institute of Mathematical Statistics},
  volume = {14},
  year = {1986}
}

@article{belloni2012sparse,
  author = {Alexandre Belloni and Daniel Chen and Victor Chernozhukov and Christian
	Hansen},
  title = {Sparse Models and Methods for Optimal Instruments with an Application
	to Eminent Domain},
  journal = {Econometrica},
  year = {2012},
  volume = {80},
  pages = {2369--2429},
  note = {Arxiv, 2010},
  issue = {6}
}


@article{javanmard2018debiasing,
  title={Debiasing the lasso: Optimal sample size for gaussian designs},
  author={Javanmard, Adel and Montanari, Andrea},
  journal={The Annals of Statistics},
  volume={46},
  number={6A},
  pages={2593--2622},
  year={2018},
  publisher={Institute of Mathematical Statistics}
}

@article{restud,
  author    = {Alexandre Belloni and Victor Chernozukov and Christian Hansen},
  title     = {Inference on treatment effects after selection among high-dimensional controls},
  journal   = {The Review of Economic Studies},
  year      = {2014},
  volume    = {81},
  number    = {2 (287)},
  pages     = {608--650},
  publisher = {[Oxford University Press, The Review of Economic Studies, Ltd.]},
  url       = {http://www.jstor.org/stable/43551575},
}

@article{bck2014,
  author    = {Alexandre Belloni and Victor Chernozhukov and Kengo Kato},
  title     = {Uniform post-selection inference for least absolute deviation regression and other Z-estimation problems},
  journal   = {Biometrika},
  year      = {2014},
  volume    = {102},
  number    = {1},
  pages     = {77–94},
  month     = {Dec},
  publisher = {Oxford University Press (OUP)},
  url       = {http://dx.doi.org/10.1093/biomet/asu056},
}

@article{buhlmann2015high,
  title={High-dimensional inference in misspecified linear models},
  author={B{\"u}hlmann, Peter and {van de Geer}, Sara},
  journal={Electronic Journal of Statistics},
  volume={9},
  number={1},
  pages={1449--1473},
  year={2015},
  publisher={The Institute of Mathematical Statistics and the Bernoulli Society}
}

@article{cck2013,
  title={Gaussian approximations and multiplier bootstrap for maxima of sums of high-dimensional random vectors},
  author={Chernozhukov, Victor and Chetverikov, Denis and Kato, Kengo},
  journal={The Annals of Statistics},
  volume={41},
  number={6},
  pages={2786--2819},
  year={2013},
  publisher={Institute of Mathematical Statistics}
}

@article{cck2014,
  title={Gaussian approximation of suprema of empirical processes},
  author={Chernozhukov, Victor and Chetverikov, Denis and Kato, Kengo},
  journal={The Annals of Statistics},
  volume={42},
  number={4},
  pages={1564--1597},
  year={2014},
  publisher={Institute of Mathematical Statistics}
}

@article{rw2005,
  title={Exact and approximate stepdown methods for multiple hypothesis testing},
  author={Romano, Joseph P and Wolf, Michael},
  journal={Journal of the American Statistical Association},
  volume={100},
  number={469},
  pages={94--108},
  year={2005},
  publisher={Taylor \& Francis}
}

@article{rw22005,
  title={Stepwise multiple testing as formalized data snooping},
  author={Romano, Joseph P and Wolf, Michael},
  journal={Econometrica},
  volume={73},
  number={4},
  pages={1237--1282},
  year={2005},
  publisher={Wiley Online Library}
}

@article{rw2016,
  title={Efficient computation of adjusted p-values for resampling-based stepdown multiple testing},
  author={Romano, Joseph P and Wolf, Michael},
  journal={Statistics \& Probability Letters},
  volume={113},
  pages={38--40},
  year={2016},
  publisher={Elsevier}
}

@article{bach2018valid,
  title={Valid Simultaneous Inference in High-Dimensional Settings (with the hdm package for R)},
  author={Bach, Philipp and Chernozhukov, Victor and Spindler, Martin},
  journal={arXiv preprint arXiv:1809.04951},
  year={2018}
}


  @Manual{datatable,
    title = {data.table: Extension of `data.frame`},
    author = {Matt Dowle and Arun Srinivasan},
    year = {2020},
    note = {R package version 1.13.2},
    url = {https://CRAN.R-project.org/package=data.table},
  }


@article{bilias2000,
  title={Sequential testing of duration data: the case of the {Pennsylvania} ‘reemployment bonus’ experiment},
  author={Bilias, Yannis},
  journal={Journal of Applied Econometrics},
  volume={15},
  number={6},
  pages={575--594},
  year={2000},
  publisher={Wiley Online Library}
}



@Article{ranger,
    title = {{ranger}: A Fast Implementation of Random Forests for High Dimensional Data in {C++} and {R}},
    author={Wright, Marvin N. and Ziegler, Andreas},
    journal = {Journal of Statistical Software},
    year = {2017},
    volume = {77},
    number = {1},
    pages = {1--17},
    doi = {10.18637/jss.v077.i01}
}

@Article{glmnet,
  author = {Friedman, Jerome and Hastie, Trevor and Tibshirani, Robert},
  title = {Regularization paths for generalized linear models via coordinate
	descent},
  journal = {Journal of Statistical Software},
  year = {2010},
  volume = {33(1)},
  pages = {1-22},
  owner = {Martin},
  timestamp = {2015.11.10},
  url = { http://www.jstatsoft.org/v33/i01}
}

@Manual{R,
    title = {R: A language and environment for statistical computing},
    author = {{R Core Team}},
    organization = {R Foundation for Statistical Computing},
    address = {Vienna, Austria},
    year = {2020},
    url = {https://www.R-project.org/}
  }
  
  
@article{zestim,
 title={Uniformly valid post-regularization confidence regions for many functional parameters in z-estimation framework},
  author={Belloni, Alexandre and Chernozhukov, Victor and Chetverikov, Denis and Wei, Ying},
  journal={Annals of Statistics},
  volume={46},
  number={6B},
  pages={3643-3675},
  year={2018},
  publisher={NIH Public Access}
}

@article{CHSAERpp,
  title={Post-selection and post-regularization inference in linear models with many controls and instruments},
  author={Chernozhukov, Victor and Hansen, Christian and Spindler, Martin},
  journal={American Economic Review},
  volume={105},
  number={5},
  pages={486--90},
  year={2015}
}

@article{belloni2017program,
  title={Program evaluation and causal inference with high-dimensional data},
  author={Belloni, Alexandre and Chernozhukov, Victor and Fern{\'a}ndez-Val, Ivan and Hansen, Christian},
  journal={Econometrica},
  volume={85},
  number={1},
  pages={233--298},
  year={2017},
  publisher={Wiley Online Library}
}

@article{latest,
  title={Instrument Validity Tests with Causal Forests},
  author={Farbmacher, Helmut and Guber, Raphael and Klaassen, Sven},
  journal={Journal of Business \& Economic Statistics},
  pages={1--10},
  year={2020},
  publisher={Taylor \& Francis}
}


@book{advr, 
  title={Advanced {R}},
  author={Wickham, Hadley},
  year={2019},
  publisher={CRC press}
}


@inproceedings{doubleml_serverless,
  author = {Kurz, Malte S},
  title = {Distributed Double Machine Learning with a Serverless Architecture},
  year = {2021},
  publisher = {Association for Computing Machinery},
  address = {New York, NY, USA},
  doi = {10.1145/3447545.3451181},
  booktitle = {Companion of the ACM/SPEC International Conference on Performance Engineering},
  pages = {27--33},
  numpages = {7},
  keywords = {machine learning, causal machine learning, serverless computing, distributed computing, AWS Lambda, function-as-a-service (FAAS)},
  location = {Virtual Event, France},
  series = {ICPE '21}
}


 @Manual{AIPW,
    title = {AIPW: Augmented Inverse Probability Weighting (AIPW) for binary
exposure},
    author = {Yongqi Zhong and Ashley Naimi},
    year = {2021},
    note = {R package version 0.6.3.1},
    url = {https://github.com/yqzhong7/AIPW},
 }

@Manual{TMLE3,
  title = {{tmle3}: The Extensible {TMLE} Framework},
  author = {Jeremy Coyle},
  year = {2021},
  note = {R package version 0.2.0},
  doi = {10.5281/zenodo.4603358},
  url = {https://github.com/tlverse/tmle3}
}

@Manual{SL3,
  title = {{sl3}: Pipelines for Machine Learning and {Super Learning}},
  author = {Jeremy Coyle and Nima Hejazi and Ivana Malenica and Rachael Phillips and Oleg Sofrygin},
  year = {2021},
  note = {R package version 1.4.4},
  doi = {10.5281/zenodo.1342293},
  url = {https://github.com/tlverse/sl3}
}

@article{Wolpert1992,
  title={Stacked generalization},
  author={Wolpert, David H},
  journal={Neural networks},
  volume={5},
  number={2},
  pages={241--259},
  year={1992},
  publisher={Elsevier}
}

@article{Breiman1996,
  title={Stacked regressions},
  author={Breiman, Leo},
  journal={Machine learning},
  volume={24},
  number={1},
  pages={49--64},
  year={1996},
  publisher={Springer}
}

@article{van2007super,
  title={Super learner},
  author={Van der Laan, Mark J and Polley, Eric C and Hubbard, Alan E},
  journal={Statistical applications in genetics and molecular biology},
  volume={6},
  number={1},
  year={2007},
  publisher={De Gruyter}
}

@article{dudoit2005asymptotics,
  title={Asymptotics of cross-validated risk estimation in estimator selection and performance assessment},
  author={Dudoit, Sandrine and van der Laan, Mark J},
  journal={Statistical methodology},
  volume={2},
  number={2},
  pages={131--154},
  year={2005},
  publisher={Elsevier}
}

@article{farrell2021deep,
  title={Deep neural networks for estimation and inference},
  author={Farrell, Max H and Liang, Tengyuan and Misra, Sanjog},
  journal={Econometrica},
  volume={89},
  number={1},
  pages={181--213},
  year={2021},
  publisher={Wiley Online Library}
}

@book{buhlmann2011statistics,
  title={Statistics for high-dimensional data: methods, theory and applications},
  author={B{\"u}hlmann, Peter and Van De Geer, Sara},
  year={2011},
  publisher={Springer Science \& Business Media}
}

@article{klaassen1987,
  title={Consistent estimation of the influence function of locally asymptotically linear estimators},
  author={Klaassen, Chris AJ},
  journal={The Annals of Statistics},
  volume={15},
  number={4},
  pages={1548--1562},
  year={1987},
  publisher={Institute of Mathematical Statistics}
}

@incollection{zheng2011cross,
  title={Cross-validated targeted minimum-loss-based estimation},
  author={Zheng, Wenjing and Laan, Mark J},
  booktitle={Targeted Learning},
  pages={459--474},
  year={2011},
  publisher={Springer}
}


@Manual{SuperLearner,
  title = {SuperLearner: Super Learner Prediction},
  author = {Eric Polley and Erin LeDell and Chris Kennedy and Mark {van der Laan}},
  year = {2021},
  note = {R package version 2.0-28},
  url = {https://CRAN.R-project.org/package=SuperLearner},
}

@Article{tmle,
  title = {{tmle}: An {R} Package for  Targeted Maximum Likelihood Estimation},
  author = {Susan Gruber and Mark J. {van der Laan}},
  journal = {Journal of Statistical Software},
  year = {2012},
  volume = {51},
  number = {13},
  pages = {1--35},
  url = {https://www.jstatsoft.org/v51/i13/},
  note = {doi:10.18637/jss.v051.i13},
}

@misc{tlmanual,
  title={Targeted Learning in {R}: Causal Data Science with the tlverse Software Ecosystem},
  author={van der Laan, MJ and Coyle, JR and Hejazi, NS and Malenica, I and Phillips, RV and Hubbard, AE},
  year={2022},
  url = {https://tlverse.org/tlverse-handbook/index.html},
  publisher={CRC Press}
}
 
 
@article{401k1,
  title={401 (k) plans and tax-deferred saving},
  author={Poterba, James M and Venti, Steven F and Wise, David A},
  journal={Studies in the Economics of Aging},
  pages={105--142},
  year={1994},
  publisher={University of Chicago Press Chicago and London}
}

@article{401k2,
  title={Do 401 (k) contributions crowd out other personal saving?},
  author={Poterba, James M and Venti, Steven F and Wise, David A},
  journal={Journal of Public Economics},
  volume={58},
  number={1},
  pages={1--32},
  year={1995},
  publisher={Elsevier}
}

@incollection{mixtape,
  title={Causal inference},
  author={Cunningham, Scott},
  booktitle={Causal Inference},
  year={2021},
  publisher={Yale University Press}
}

@book{mostlyharmless,
  title={Mostly harmless econometrics: An empiricist's companion},
  author={Angrist, Joshua D and Pischke, J{\"o}rn-Steffen},
  year={2009},
  publisher={Princeton university press}
}

@article{farbmacher2022,
    author = {Farbmacher, Helmut and Huber, Martin and Lafférs, Lukáš and Langen, Henrika and Spindler, Martin},
    title = "{Causal mediation analysis with double machine learning}",
    journal = {The Econometrics Journal},
    volume = {25},
    number = {2},
    pages = {277-300},
    year = {2022},
    month = {01},
    issn = {1368-4221},
    doi = {10.1093/ectj/utac003},
    url = {https://doi.org/10.1093/ectj/utac003},
    eprint = {https://academic.oup.com/ectj/article-pdf/25/2/277/43772863/utac003.pdf},
}


@article{bia2020,
  title={Double machine learning for sample selection models},
  author={Bia, Michela and Huber, Martin and Laff{\'e}rs, Luk{\'a}{\v{s}}},
  journal={arXiv preprint arXiv:2012.00745},
  year={2020}
}

@article{chang2020,
  title={Double/debiased machine learning for difference-in-differences models},
  author={Chang, Neng-Chieh},
  journal={The Econometrics Journal},
  volume={23},
  number={2},
  pages={177--191},
  year={2020},
  publisher={Oxford University Press}
}


@article{bch2014,
  title={Inference on treatment effects after selection among high-dimensional controls},
  author={Belloni, Alexandre and Chernozhukov, Victor and Hansen, Christian},
  journal={The Review of Economic Studies},
  volume={81},
  number={2},
  pages={608--650},
  year={2014},
  publisher={Oxford University Press}
}


@InProceedings{riesznet,
  title = 	 {{R}iesz{N}et and {F}orest{R}iesz: Automatic Debiased Machine Learning with Neural Nets and Random Forests},
  author =       {Chernozhukov, Victor and Newey, Whitney and Quintas-Mart\'{\i}nez, V\'{\i}ctor M and Syrgkanis, Vasilis},
  booktitle = 	 {Proceedings of the 39th International Conference on Machine Learning},
  pages = 	 {3901--3914},
  year = 	 {2022},
  editor = 	 {Chaudhuri, Kamalika and Jegelka, Stefanie and Song, Le and Szepesvari, Csaba and Niu, Gang and Sabato, Sivan},
  volume = 	 {162},
  series = 	 {Proceedings of Machine Learning Research},
  month = 	 {17--23 Jul},
  publisher =    {PMLR},
  pdf = 	 {https://proceedings.mlr.press/v162/chernozhukov22a/chernozhukov22a.pdf},
  url = 	 {https://proceedings.mlr.press/v162/chernozhukov22a.html},
  abstract = 	 {Many causal and policy effects of interest are defined by linear functionals of high-dimensional or non-parametric regression functions. $\sqrt{n}$-consistent and asymptotically normal estimation of the object of interest requires debiasing to reduce the effects of regularization and/or model selection on the object of interest. Debiasing is typically achieved by adding a correction term to the plug-in estimator of the functional, which leads to properties such as semi-parametric efficiency, double robustness, and Neyman orthogonality. We implement an automatic debiasing procedure based on automatically learning the Riesz representation of the linear functional using Neural Nets and Random Forests. Our method only relies on black-box evaluation oracle access to the linear functional and does not require knowledge of its analytic form. We propose a multitasking Neural Net debiasing method with stochastic gradient descent minimization of a combined Riesz representer and regression loss, while sharing representation layers for the two functions. We also propose a Random Forest method which learns a locally linear representation of the Riesz function. Even though our method applies to arbitrary functionals, we experimentally find that it performs well compared to the state of art neural net based algorithm of Shi et al. (2019) for the case of the average treatment effect functional. We also evaluate our method on the problem of estimating average marginal effects with continuous treatments, using semi-synthetic data of gasoline price changes on gasoline demand.}
}

@article{flaml,
  title={FLAML: A fast and lightweight automl library},
  author={Wang, Chi and Wu, Qingyun and Weimer, Markus and Zhu, Erkang},
  journal={Proceedings of Machine Learning and Systems},
  volume={3},
  pages={434--447},
  year={2021}
}

@article{xgboost,
  title={Xgboost: extreme gradient boosting},
  author={Chen, Tianqi and He, Tong and Benesty, Michael and Khotilovich, Vadim and Tang, Yuan and Cho, Hyunsu and Chen, Kailong and Mitchell, Rory and Cano, Ignacio and Zhou, Tianyi and others},
  journal={R package version 0.4-2},
  volume={1},
  number={4},
  pages={1--4},
  year={2015}
}

@article{mlr3pipelines,
  author  = {Martin Binder and Florian Pfisterer and Michel Lang and Lennart Schneider and Lars Kotthoff and Bernd Bischl},
  title   = {mlr3pipelines - Flexible Machine Learning Pipelines in R},
  journal = {Journal of Machine Learning Research},
  year    = {2021},
  volume  = {22},
  number  = {184},
  pages   = {1--7},
  url     = {http://jmlr.org/papers/v22/21-0281.html}
}

@ARTICLE{scipy,
  author  = {Virtanen, P. and
  Gommers, R. and
  Oliphant, T. E. and
  Haberland, M. and
  Reddy, T. and
  Cournapeau, D. and
  Burovski, E. and
  Peterson, P. and
  Weckesser, W. and
  Bright, J. and
  {van der Walt}, S. J. and
  Brett, M. and
  Wilson, J. and
  Millman, K. J. and
  Mayorov, N. and
  Nelson, A. R. J. and
  Jones, E. and
  Kern, R. and
  Larson, E. and
  Carey, C J and
  Polat, {\.I}. and
  Feng, Y. and
  Moore, E. W. and
  {VanderPlas}, J. and
  Laxalde, D. and
  Perktold, J. and
  Cimrman, R. and
  Henriksen, I. and
  Quintero, E. A. and
  Harris, C. R. and
  Archibald, A. M. and
  Ribeiro, A. H. and
  Pedregosa, F. and
  {van Mulbregt}, P. and
  {SciPy 1.0 Contributors}},
  title   = {{SciPy} 1.0: Fundamental Algorithms for Scientific
            Computing in {P}ython},
  journal = {Nature Methods},
  year    = {2020},
  volume  = {17},
  pages   = {261--272},
  adsurl  = {https://rdcu.be/b08Wh},
  doi     = {10.1038/s41592-019-0686-2},
}

@inproceedings{statsmodels,
  title={statsmodels: Econometric and statistical modeling with {P}ython},
  author={Seabold, S. and Perktold, J.},
  booktitle = {{P}roceedings of the 9th {P}ython in {S}cience {C}onference},
  year={2010},
  pages={92--96},
  doi = {10.25080/Majora-92bf1922-011}
}


@Article{numpy,
 title         = {Array programming with {NumPy}},
 author        = {C. R. Harris and
 K. J. Millman and
 S. J. {van der Walt} and
 R. Gommers and
 P. Virtanen and
 D. Cournapeau and
 E. Wieser and
 J. Taylor and
 S. Berg and
 N. J. Smith and
 R. Kern and
 M. Picus and
 S. Hoyer and
 M. H. {van Kerkwijk} and
 M. Brett and
 A. Haldane and
 J. {Fern{\'a}ndez del R{\'i}o} and
 M. Wiebe and
 P. Peterson and
 P. G{\'e}rard-Marchant and
 K. Sheppard and
 T. Reddy and
 W. Weckesser and
 H. Abbasi and
 C. Gohlke and
 T. E. Oliphant},
 year          = {2020},
 journal       = {Nature},
 volume        = {585},
 number        = {7825},
 pages         = {357--362},
 doi           = {10.1038/s41586-020-2649-2},
 publisher     = {Springer Science and Business Media {LLC}},
}

@InProceedings{pandas,
  author    = {{M}c{K}inney, {W}.},
  title     = {{D}ata structures for statistical computing in {P}ython},
  booktitle = {{P}roceedings of the 9th {P}ython in {S}cience {C}onference},
  pages     = {56--61},
  year      = {2010},
  doi       = {10.25080/Majora-92bf1922-00a}
}

@inproceedings{xgboost,
 author = {Chen, Tianqi and Guestrin, Carlos},
 title = {{XGBoost}: A Scalable Tree Boosting System},
 booktitle = {Proceedings of the 22nd ACM SIGKDD International Conference on Knowledge Discovery and Data Mining},
 series = {KDD '16},
 year = {2016},
 isbn = {978-1-4503-4232-2},
 location = {San Francisco, California, USA},
 pages = {785--794}
 }

 @article{lightgbm,
  title={Lightgbm: A highly efficient gradient boosting decision tree},
  author={Ke, Guolin and Meng, Qi and Finley, Thomas and Wang, Taifeng and Chen, Wei and Ma, Weidong and Ye, Qiwei and Liu, Tie-Yan},
  journal={Advances in neural information processing systems},
  volume={30},
  pages={3146--3154},
  year={2017}
}

@article{imbens2003,
  title={Sensitivity to exogeneity assumptions in program evaluation},
  author={Imbens, Guido W},
  journal={American Economic Review},
  volume={93},
  number={2},
  pages={126--132},
  year={2003},
  publisher={American Economic Association}
}

@article{veitch2020,
  title={Sense and sensitivity analysis: Simple post-hoc analysis of bias due to unobserved confounding},
  author={Veitch, Victor and Zaveri, Anisha},
  journal={Advances in Neural Information Processing Systems},
  volume={33},
  pages={10999--11009},
  year={2020}
}

@book{primer,
  title={Causal inference in statistics: A primer},
  author={Glymour, Madelyn and Pearl, Judea and Jewell, Nicholas P},
  year={2016},
  publisher={John Wiley \& Sons}
}

@book{huber2023,
  title={Causal analysis: Impact evaluation and Causal Machine Learning with applications in R},
  author={Huber, Martin},
  year={2023},
  publisher={MIT Press}
}

@article{cinelli2022crash,
  title={A crash course in good and bad controls},
  author={Cinelli, Carlos and Forney, Andrew and Pearl, Judea},
  journal={Sociological Methods \& Research},
  pages={00491241221099552},
  year={2022},
  publisher={SAGE Publications Sage CA: Los Angeles, CA}
}

@software{facure2021,
  author       = {Matheus Facure and
                  Michell Germano},
  title        = {{matheusfacure/python-causality-handbook: First 
                   Edition}},
  month        = jan,
  year         = 2021,
  publisher    = {Zenodo},
  version      = {v1.0},
  doi          = {10.5281/zenodo.4445778},
  url          = {https://doi.org/10.5281/zenodo.4445778}
}

@book{victorbook,
 author = {Victor Chernozhukov and Christian Hansen and Nathan Kallus and Martin Spindler and Vasilis Syrgkanis},
 title = {Applied Causal Inference Powered by ML and AI},
 year = {forthcoming},
 publisher = {online},
}

@article{chen2020causalml,
  title={Causalml: Python package for causal machine learning},
  author={Chen, Huigang and Harinen, Totte and Lee, Jeong-Yoon and Yung, Mike and Zhao, Zhenyu},
  journal={arXiv preprint arXiv:2002.11631},
  year={2020}
}

@article{cinelli2020,
  title={Making sense of sensitivity: Extending omitted variable bias},
  author={Cinelli, Carlos and Hazlett, Chad},
  journal={Journal of the Royal Statistical Society Series B: Statistical Methodology},
  volume={82},
  number={1},
  pages={39--67},
  year={2020},
  publisher={Oxford University Press}
}

@techreport{chernozhukov2022,
  title={Long story short: Omitted variable bias in causal machine learning},
  author={Chernozhukov, Victor and Cinelli, Carlos and Newey, Whitney and Sharma, Amit and Syrgkanis, Vasilis},
  year={2022},
  institution={National Bureau of Economic Research}
}

@article{chernozhukov2022autodebiased,
  title={Automatic debiased machine learning of causal and structural effects},
  author={Chernozhukov, Victor and Newey, Whitney K and Singh, Rahul},
  journal={Econometrica},
  volume={90},
  number={3},
  pages={967--1027},
  year={2022},
  publisher={Wiley Online Library}
}